<?xml version="1.0" encoding="UTF-8"?><collection xmlns="http://www.loc.gov/MARC21/slim"><record><leader>00346nam--2200133-i-4500</leader><controlfield tag="001">000001611</controlfield><controlfield tag="002">20161230</controlfield><controlfield tag="005">20161230201024</controlfield><controlfield tag="008">060222s1000------------r-----000-0-eng-d</controlfield><datafield ind1=" " ind2=" " tag="080"><subfield code="a">621.38.04(047.1+085)</subfield></datafield><datafield ind1=" " ind2=" " tag="100"><subfield code="a">Douce, Arden</subfield></datafield><datafield ind1=" " ind2=" " tag="245"><subfield code="a">Ttl 50-mhz flip-flops:sn74h100 series</subfield></datafield><datafield ind1=" " ind2=" " tag="260"><subfield code="a">Bedford, Texas Instruments, 1974. 17 P</subfield></datafield><datafield ind1=" " ind2=" " tag="852"><subfield code="a">43067</subfield></datafield></record></collection>